@article{higgs,
		 author   = "ATLAS Collaboration",
		 title    = "Observation of a new particle in the search for the Standard Model Higgs boson with the ATLAS detector at the LHC",
		 journal  = "Physics Letters B",
		 volume   = "716",
		 pages    = "1-29",
		 year     = "2012",
		 DOI      = "http://dx.doi.org/10.1016/j.physletb.2012.08.020"
}

@article{weber,
		 author   = "H.W. Weber",
		 title    = "Neutron irradiation effects on ally superconductors",
		 journal  = "Journal of Nuclear Materials",
		 volume   = "108 109",
		 pages    = "572-584",
		 year     = "1982"
}

@article{t2k,
		 author   = "T2K Collaboration",
		 title    = "Observation of electron neutrino appearance in a muon neutrino beam",
		 journal  = "Physical Review Letters",
		 volume   = "112",
		 pages    = "061802",
		 year     = "2014"
}

@article{hincks,
		 author   = "E.P. Hincks, B. Pontecorvo",
		 title    = "Search for gamma-radiation in the 2.2-microsecond meson decay process",
		 journal  = "Phys. Rev. Lett.",
		 volume   = "73",
		 pages    = "246",
		 year     = "1947"
}

@book{heat,
		 author   = "P. von B$\ddot{o}$ckh, T. Wetzel",
		 title    = "Heat Transfer",
		 publisher= "Springer",
		 address  = "Heidelberg",
		 year     = "2012"
}

@conference{jasmin,
		 author   = "H. Yashima",
		 title    = "MTest: Activation",
		 year     = "2012",
		 url      = "https://indico.fnal.gov/conferenceDisplay.py?confId=5311"
}

@inproceedings{dchain,
		 author   = "T. Kai et al.",
		 title    = "Validation of radioactivity calculation code system DCHAIN-SP",
		 organization = "ICANS-XVI",
		 address  = "D$\ddot{u}$sseldorf-Neuss, Germany",
		 year     = "2003"
		 month    = "5"
}

@article{therapy,
		 author   = "H. Nose et al.",
		 title    = "Improvement of three-dimensional Monte Carlo code PHITS for heavy ion therapy",
		 journal  = "Journal of Nuclear Science and Technology",
		 volume   = "42",
		 pages    = "2",
		 year     = "2005"
}

@article{phits,
		 author   = "T. Sato et al.",
		 title    = "Particle and heavy ion transport code system PHITS, version 2.52",
		 journal  = "J. Nucl. Sci. Technol.",
		 volume   = "50:9",
		 pages    = "913-923",
		 year     = "2013"
}

@article{incl,
		 author   = "A. Boudard et al.",
		 title    = "New potentialities of the Li$\grave{e}$ge intranuclear cascade model for reactions induced by nucleons and light charged particles",
		 journal  = "Phys. Rev. C",
		 volume   = "87",
		 pages    = "014606",
		 year     = "2013"
}

@article{incelf,
		 author   = "Y. Sawada et al.",
		 title    = "Intranuclear cascade with emission of light fragment code implemented in the transport code system PHITS",
		 journal  = "Nucl. Instr. and Meth. B",
		 volume   = "291",
		 pages    = "38-44",
		 year     = "2012"
}

@inproceedings{fluka,
		 author   = "A. Fass$\grave{o}$ et al.",
		 title    = "FLUKA: present status and future developments",
		 organization = "IV Int. Conf. on Calorimetry in High Energy Physics",
		 address  = "La Biodola, Italy",
		 year     = "1993"
		 month    = "9"
}

@inproceedings{fluka2,
		 author   = "F. Ballarini et al.",
		 title    = "Nuclear models in FLUKA: present capabilities, open problems and future improvements",
		 organization = "Nuclear Data for Science and Technology (ND2004)",
		 address  = "Stanford, CA",
		 year     = "2004"
		 month    = "9"
}

@article{geant4,
		 author   = "V.N. Ivanchenko et al.",
		 title    = "Geant4 toolkit for simulation of HEP experiments",
		 journal  = "NIM A",
		 volume   = "502 (2-3)",
		 pages    = "666-668",
		 year     = "2003"
}

@book{wiede,
		 author   = "W. D. Callister, Jr.",
		 title    = "Materials science and engineering: an introduction",
		 year     = "1985",
		 publisher= "John Wiley \& Sons, Inc",
		 address  = "Canada"
}

@article{rss90,
		 author   = "D.L. Rule, D.R. Smith and L.L. Sparks",
		 title    = "Thermal conductivity of polypyromellitimide film with alumina filler particles from 4.2 K to 300 K",
		 journal  = "Cryogenics",
		 volume   = "36(4)",
		 pages    = "283-290",
		 year     = "1990"
}

@book{kittle,
		 author   = "C. Kittel",
		 title    = "Introduction to solid state physics",
		 year     = "1953",
		 publisher= "John Wiley \& Sons, Inc",
		 address  = "Tokyo"
}

@booklet{aldata,
		 author   = "Y.S. Touloukian and E.H. Buyco",
		 title    = "Thermophysical properties of matter, The TPRC data series, vol.4: Specific heat metallic elements and alloys",
		 year     = "1971",
		 publisher= "TEPIAC",
		 address  = "New York"
}

@manual{roxie,
		 title    = "Review of ROXIE's material properties database for quench simulation",
		 author   = "G. Manfreda",
		 year     = "2011"
}

@inproceedings{nist,
		 author   = "E.S. Drexler, R.P. Reed and N.J. Simon",
		 title    = "Properties of copper and copper alloys at cryogenic temperature",
		 organization= "NIST",
		 address  = "Gaithersburg",
		 year     = "1992"
}

@article{wood,
		 author   = "A.L. Woodcraft",
		 title    = "Predicting the thermal conductivity of aluminium alloys in the cryogenic to room temperature range",
		 journal  = "Cryogenics",
		 volume   = "45(6)",
		 pages    = "421-431",
		 year     = "2005"
}

@proceedings{hust,
		 author   = "J.G. Hust and A.B. Lankford",
		 title    = "Thermal conductivity of aluminum, copper, iron and tungsten for temperature from 1 K to the melting point",
		 publisher= "National Bureau of Standards",
		 isbn     = "NBSIR 84-3007",
		 address    = "Boulder, Colorado",
		 year     = "2013"
}

@article{desai,
		 author   = "P.D. Desai, H.M. James and C.Y. Ho",
		 title    = "Electrical resistivity of aluminum and manganese",
		 journal  = "J. Phys. Chem. Ref. Data",
		 volume   = "13(4)",
		 pages    = "1131-1160",
		 year     = "1984"
}

@proceedings{arp,
		 author   = "V. Arp",
		 title    = "Properties and preparation of high-purity aluminum",
		 publisher= "National Bureau of Standards",
		 address  = "Boulder, Colorado",
		 pages    = "1095-1114"
}

@article{corr,
		 author   = "R.J. Corruccini",
		 title    = "The electrical properties of aluminum for cryogenic electromagnets",
		 journal  = "NBS Tech Note",
		 volume   = "218",
		 year     = "1964"
}

@article{fick,
		 author   = "F.R. Fickett",
		 title    = "Aluminum: 1. A review of resistive mechanisms in aluminum",
		 journal  = "Cryogenics",
		 year     = "1971"
}

@book{gfrp,
		 author   = "S. Kalia and S.Y. Fu",
		 title    = "Polymers at cryogenic temperatures",
		 publisher= "Springer",
		 address  = "Berlin Heidelberg",
		 year     = "2013"
}

@article{cta,
		 author   = "K. Matsuda and S. Nagai",
		 title    = "Studies on the radiation induced coloration mechanism of the cellulose triacetate film dosimeter",
		 journal  = "Appl. Radiat. Isot.",
		 volume   = "42",
		 pages    = "1215-1221",
		 year     = "1991"
}

@conference{takasaki,
		 author   = "T. Nakamoto et al.",
		 booktitle= "Takasaki advanced radiation research symposium",
		 volume   = "2P-2",
		 year     = "2014"
}

@proceedings{hagedorn,
		 author   = "D. Hagedorn, H. Gerstenberg and H. Schonbacher",
		 title    = "Irradiation of quench protection diodes at cryogenic temperatures in a nuclear research reactor",
		 publisher= "ICEC Conference",
		 address  = "USA",
		 year     = "1995"
}

@book{nicholas,
		 author   = "N. Tsoulfanidis",
		 title    = "Measurement and detection of radiation",
		 publisher= "Taylor \& Francis",
		 address  = "Washington",
		 year     = "1995"
}

@manual{kur,
		 author   = "K. Kobayashi et al.",
		 title    = "Measurement of neutron spectrum at irradiation facilities of Kyoto University Reactor",
		 number   = "KURRI-TR-287",
		 year     = "1987"
}

@techreport{mu2ereport,
		 author   = "Mu2e collaboration",
		 title    = "Mu2e conceptual design report",
		 institution="Fermi Nation Accelerator Laboratory",
		 number   = "DE-AC02-07-CH-11359",
		 year     = "2012"
}

@article{brugger,
		 author   = "M. Brugger et al.",
		 title    = "Benchmark studies of induced radioactivity produced in LHC materials, Part II: Remanent dose rates",
		 journal  = "Radiation Protection Dosimetry",
		 volume   = "116",
		 pages    = "12",
		 year     = "2005"
}

@booklet{pdg,
		 author   = "Particle data group",
		 title    = "Particle physics booklet",
		 year     = "2012",
		 publisher= "APS",
		 address  = "LBNL and CERN"
		 url      = "http://pfg.lbl.gov/"
}

@article{critt,
		 author   = "R.R. Crittenden et al.",
		 title    = "Radiative decay modes of the muon",
		 journal  = "Phys. Rev.",
		 volume   = "121",
		 pages    = "1823-1832",
		 year     = "1961"
}

@article{bertl,
		 author   = "U. Bellgardt et al.",
		 title    = "Search for the decay $\mu^+ \rightarrow e^+ e^+ e^-$",
		 journal  = "Nucl. Phys. B",
		 volume   = "299",
		 pages    = "1-6",
		 year     = "1988"
}

@article{free,
		 author   = "S. Freedman et al.",
		 title    = "Limits on neutrino oscillations from $\bar\nu_e$ appearance",
		 journal  = "Phys. Rev. D",
		 volume   = "47",
		 pages    = "811-829",
		 year     = "1993"
}

@article{bolton,
		 author   = "R.D. Bolton et al.",
		 title    = "Search for the decay $\mu^+ \rightarrow e^+ \gamma$",
		 journal  = "Phys. Rev. Lett.",
		 volume   = "56",
		 pages    = "2461-2464",
		 year     = "1986"
}

@book{mark,
		 author   = "M. Thomson",
		 title    = "Modern particle physics",
		 publisher= "Cambridge university press",
		 address  = "Cambridge, UK",
		 year     = "2013"
}

@article{kuno,
		 author   = "Y. Kuno and Y. Okada",
		 title    = "Muon decay and physics beyond the standard model",
		 journal  = "Reviews of modern physics",
		 volume   = "73",
		 pages    = "151-202",
		 year     = "2001"
}

@article{kuno2,
		 author   = "Y. Kuno, on behalf of the COMET Collaboration",
		 title    = "A search for muon-to-electron conversion at J-PARC: the COMET experiment",
		 journal  = "Prog. Theor. Exp. Phys.",
		 volume   = "022C01",
		 pages    = "1-43",
		 year     = "2013"
}

@article{hisano,
		 author   = "J. Hisano and D. Nomura",
		 title    = "Solar and Atmospheric Neutrino Oscillations and Lepton Flavor Violation in Supersymmetric Models with Right-handed Neutrinos",
		 journal  = "Phys. Rev. D",
		 volume   = "59",
		 pages    = "116005",
		 year     = "1999"
}

@article{wolf,
		 author   = "W. Altmannshofer et al.",
		 title    = "Anatomy and phenomenology of FCNC and CPV effects in SUSY theories",
		 journal  = "Nuclear Physics B",
		 volume   = "830",
		 pages    = "17-94",
		 year     = "2010"
}

@article{degou,
		 author   = "A. de Gouvea and P. Vogel",
		 title    = "Lepton flavor and number conservation, and physics beyond the standard model",
		 journal  = "Progress in Particle and Nuclear Physics",
		 volume   = "71",
		 pages    = "75-92",
		 year     = "2013"
}

@article{1947,
		 author   = "E. P. Hincks and B. Pontecorvo",
		 title    = "Search for Gamma-Radiation in the 2.2-Microsecond Meson Decay Process",
		 journal  = "Phys. Rev.",
		 volume   = "73",
		 pages    = "257",
		 year     = "1948"
}

@article{meg,
		 author   = "J. Adam et al. (MEG Collaboration)",
		 title    = "New constraint on the existence of the $\mu^+ \rightarrow e^+ \gamma$ decay",
		 journal  = "Phys. Rev. Lett.",
		 volume   = "110",
		 pages    = "201801",
		 year     = "2013"
}

@article{lyn,
		 author   = "G. Lynch, J. Orear and S. Rosendorff",
		 title    = "Measurement of the Asymmetry Parameter in $\mu \rightarrow e$ Decay",
		 journal  = "Phys. Rev. Lett.",
		 volume   = "1",
		 pages    = "471",
		 year     = "1958"
}

@techreport{megtdr,
		 author   = "MEG Collaboration",
		 title    = "MEG Upgrade Proposal",
		 year     = "2013"
}

@article{mu3e,
		 author   = "N. Berger for the Mu3e Collaboration",
		 title    = "The Mu3e experiment",
		 journal  = "Nucl. Phys. B",
		 volume   = "248-250",
		 pages    = "25-40",
		 year     = "2014"
}

@article{horak,
		 author   = "J.A. Horak and T.H. Blewitt",
		 title    = "Isochronal recovery of fast neutron irradiated metals",
		 journal  = "Journal of nuclear materials",
		 volume   = "49",
		 pages    = "161-180",
		 year     = "1973"
}

@article{yu,
		 author   = "C.H.M. Broeders and A.Y. Konobeyev",
		 title    = "Defect production efficiency in metals under neutron irradiation",
		 journal  = "Journal of nuclear materials",
		 volume   = "328",
		 pages    = "197-214",
		 year     = "2004"
}

@article{erh1,
		 author   = "P. Ehrhart, W. Schilling",
		 journal  = "Phys. Rev. B",
		 volume   = "8",
		 pages    = "2604",
		 year     = "1973"
}

@article{erh2,
		 author   = "P. Ehrhart, H.G. Haubold, W. Schilling",
		 journal  = "Adv. Solid State Phys.",
		 volume   = "14",
		 pages    = "87",
		 year     = "1974"
}

@article{rober,
		 author   = "J.B. Roberto, B. Schoenfeld, P. Ehrhart",
		 journal  = "Phys. Rev. B",
		 volume   = "18",
		 pages    = "2591",
		 year     = "1978"
}

@article{ref1,
		 author   = "P.G. Lucasson and R.M. Walker",
		 journal  = "Phys. Rev.",
		 volume   = "127",
		 pages    = "485",
		 year     = "1962"
}

@article{ref2,
		 author   = "H.H. Neely and W. Bauer",
		 journal  = "Phys. Rev.",
		 volume   = "149",
		 pages    = "535",
		 year     = "1966"
}

@article{ref3,
		 author   = "H.M. Simpson and R.L. Chaplin",
		 journal  = "Phys. Rev.",
		 volume   = "185",
		 pages    = "958",
		 year     = "1969"
}

@article{ref4,
		 author   = "P. Jung",
		 journal  = "J. Nucl. Mater.",
		 volume   = "117",
		 pages    = "70",
		 year     = "1983"
}

@article{ref5,
		 author   = "O. Dimitrov and C. Dimitrov",
		 journal  = "Radiat. Eff.",
		 volume   = "84",
		 pages    = "117",
		 year     = "1985"
}

@article{ref6,
		 author   = "P. Jung",
		 journal  = "Radiat. Eff.",
		 volume   = "51",
		 pages    = "249",
		 year     = "1980"
}

@article{flco,
		 author   = "Interantional Commission on Radiological Protection",
		 title    = "Conversion Coefficients for use in Radiological Protection Against External Radiation",
		 journal  = "Annals of ICRP",
		 volume   = "26",
		 pages    = "3/4",
		 year     = "1996"
}
